<?xml version="1.0" encoding="UTF-8"?><record xmlns="http://www.loc.gov/MARC21/slim" xmlns:cinclude="http://apache.org/cocoon/include/1.0" xmlns:zs="http://www.loc.gov/zing/srw/">
  <leader>01160cz  a2200241n  4500</leader>
  <controlfield tag="001">n 2001127592</controlfield>
  <controlfield tag="003">DLC</controlfield>
  <controlfield tag="005">20100321074816.0</controlfield>
  <controlfield tag="008">010413n| acannaabn          |a aaa      </controlfield>
  <datafield tag="010" ind1=" " ind2=" ">
    <subfield code="a">n 2001127592</subfield>
  </datafield>
  <datafield tag="035" ind1=" " ind2=" ">
    <subfield code="a">(DNLM)915937</subfield>
  </datafield>
  <datafield tag="035" ind1=" " ind2=" ">
    <subfield code="a">(OCoLC)oca05464544</subfield>
  </datafield>
  <datafield tag="035" ind1=" " ind2=" ">
    <subfield code="a">(Uk)003809490</subfield>
  </datafield>
  <datafield tag="040" ind1=" " ind2=" ">
    <subfield code="a">DNLM</subfield>
    <subfield code="b">eng</subfield>
    <subfield code="c">DNLM</subfield>
    <subfield code="d">OCoLC</subfield>
    <subfield code="d">Uk</subfield>
  </datafield>
  <datafield tag="100" ind1="1" ind2=" ">
    <subfield code="a">Ruilope, L. M.</subfield>
  </datafield>
  <datafield tag="400" ind1="1" ind2=" ">
    <subfield code="a">Ruilope, Luis M.</subfield>
  </datafield>
  <datafield tag="400" ind1="1" ind2=" ">
    <subfield code="a">Ruilope Urioste, L. M.</subfield>
  </datafield>
  <datafield tag="400" ind1="1" ind2=" ">
    <subfield code="a">Urioste, L. M. Ruilope</subfield>
  </datafield>
  <datafield tag="670" ind1=" " ind2=" ">
    <subfield code="a">Reaching BP targets, 2000:</subfield>
    <subfield code="b">t.p. (L.M. Ruilope (Madrid, Spain)) p. 1 (Universidad Complutense)</subfield>
  </datafield>
  <datafield tag="670" ind1=" " ind2=" ">
    <subfield code="a">NLM files, March 22, 2001</subfield>
    <subfield code="b">(hdg.: Ruilope, L. M.; usage: L.M. Ruilope; L.M. Ruilope Urioste)</subfield>
  </datafield>
  <datafield tag="670" ind1=" " ind2=" ">
    <subfield code="a">OCLC, March 22, 2001</subfield>
    <subfield code="b">(hdg.: Ruilope, L., Ruilope, L. M., Ruilope, Luis M.; usage: L. Ruilope, L.M. Ruilope, Luis Ruilope, Luis M. Ruilope)</subfield>
  </datafield>
  <datafield tag="670" ind1=" " ind2=" ">
    <subfield code="a">High blood pressure in practice :a companion guide to high blood pressure and health policy, 2007:</subfield>
    <subfield code="b">t.p. (edited by Lius Ruilope) contributors listing (Professor Luis M Ruiope, MD, Complutense University, Hypertension Unit, Madrid, Spain )</subfield>
  </datafield>
  <datafield tag="670" ind1=" " ind2=" ">
    <subfield code="a">BL database, 19 Mar. 2010</subfield>
    <subfield code="b">(hdg.: Ruilope Luis Miguel)</subfield>
  </datafield>
</record>